% This file was created with JabRef 2.10.
% Encoding: Cp1252


@Book{Duda2002,
  Title                    = {{Pattern Classification}},
  Author                   = {Duda, Richard and Hart, Peter and Stork, David},
  Year                     = {2002},

  Owner                    = {Rafael},
  Timestamp                = {2015.04.07}
}

@Misc{GomezFlores2015,
  Title                    = {{Diapositivas de clase Redes neuronales artificiales: Red neuronal de funci\'{o}n de base radial}},

  Author                   = {Gomez Flores, Wilfrido},
  Year                     = {2015},

  Owner                    = {Rafael},
  Timestamp                = {2015.04.07}
}

@Misc{GomezFlores2015a,
  Title                    = {{Diapositivas de clase Redes neuronales artificiales: Perceptr\'{o}n multicapa}},

  Author                   = {Gomez Flores, Wilfrido},
  Year                     = {2015},

  Owner                    = {Rafael},
  Timestamp                = {2015.04.07}
}

