% This file was created with JabRef 2.10.
% Encoding: Cp1252


@Book{Duda2002,
  Title                    = {{Pattern Classification}},
  Author                   = {Duda, Richard and Hart, Peter and Stork, David},
  Year                     = {2002},

  Owner                    = {Rafael},
  Timestamp                = {2015.04.07}
}

@Misc{GomezFlores2015,
  Title                    = {{Diapositivas de clase Linear Discriminant Analysis (LDA)}},

  Author                   = {Gomez Flores, Wilfrido},
  Year                     = {2015},

  Owner                    = {Rafael},
  Timestamp                = {2015.04.07}
}

@Article{Li2006,
  Title                    = {{Using discriminant analysis for multi-class classification: an experimental investigation}},
  Author                   = {Li, Tao and Zhu, Shenghuo and Ogihara, Mitsunori},
  Journal                  = {Knowledge and Information Systems},
  Year                     = {2006},
  Number                   = {4},
  Pages                    = {453-472},
  Volume                   = {10},

  Doi                      = {10.1007/s10115-006-0013-y},
  ISSN                     = {0219-1377},
  Keywords                 = {Multi-class classification; Discriminant analysis},
  Language                 = {English},
  Owner                    = {Rafael},
  Publisher                = {Springer-Verlag},
  Timestamp                = {2015.04.07},
  Url                      = {http://dx.doi.org/10.1007/s10115-006-0013-y}
}

@Electronic{Wikipedia2015,
  Title                    = {{Ronald A. Fisher}},
  Author                   = {{Wikipedia, The free encyclopedia}},
  Language                 = {English},
  Url                      = {http://en.wikipedia.org/wiki/Ronald_Fisher},
  Year                     = {2015},

  Owner                    = {Rafael},
  Timestamp                = {2015.04.07}
}

