% This file was created with JabRef 2.10.
% Encoding: Cp1252


@Book{Duda2002,
  Title                    = {{Pattern Classification}},
  Author                   = {Duda, Richard and Hart, Peter and Stork, David},
  Year                     = {2002},

  Owner                    = {Rafael},
  Timestamp                = {2015.04.07}
}

@Misc{GomezFlores2015,
  Title                    = {{Diapositivas de clase Redes neuronales artificiales: Introducci\'{o}n a las redes neuronales artificiales}},

  Author                   = {Gomez Flores, Wilfrido},
  Year                     = {2015},

  Owner                    = {Rafael},
  Timestamp                = {2015.04.07}
}

@Misc{GomezFlores2015a,
  Title                    = {{Diapositivas de clase Redes neuronales artificiales: Perceptr\'{o}n multicapa}},

  Author                   = {Gomez Flores, Wilfrido},
  Year                     = {2015},

  Owner                    = {Rafael},
  Timestamp                = {2015.04.07}
}

@Book{Theodoridis2009,
  Title                    = {Pattern Recognition},
  Author                   = {Sergios Theodoridis and Konstantinos Koutroumbas},
  Editor                   = {Theodoridis, Sergios and Koutroumbas, Konstantinos},
  Publisher                = {Academic Press},
  Year                     = {2009},

  Address                  = {Boston},
  Edition                  = {Fourth Edition},

  Booktitle                = {Pattern Recognition (Fourth Edition)},
  Doi                      = {http://dx.doi.org/10.1016/B978-1-59749-272-0.50003-7},
  ISBN                     = {978-1-59749-272-0},
  Owner                    = {cinvestav},
  Pages                    = {1 - 12},
  Timestamp                = {2015.04.13},
  Url                      = {http://www.sciencedirect.com/science/article/pii/B9781597492720500037}
}

