% This file was created with JabRef 2.10.
% Encoding: Cp1252


@Electronic{Boyle2015,
  Title                    = {Hidden Markov Models},
  Author                   = {Roger David Boyle},
  Organization             = {University of Leeds, UK},
  Url                      = {http://www.comp.leeds.ac.uk/roger/HiddenMarkovModels/html_dev/main.html},
  Year                     = {2015},

  Owner                    = {Rafael},
  Timestamp                = {2015.06.19}
}

@Article{Rabiner1989,
  Title                    = {A tutorial on hidden Markov models and selected applications in speech recognition},
  Author                   = {Rabiner, L.},
  Journal                  = {Proceedings of the IEEE},
  Year                     = {1989},

  Month                    = {Feb},
  Number                   = {2},
  Pages                    = {257-286},
  Volume                   = {77},

  Doi                      = {10.1109/5.18626},
  ISSN                     = {0018-9219},
  Keywords                 = {Markov processes;speech recognition;balls-in-urns system;coin-tossing;discrete Markov chains;ergodic models;hidden Markov models;hidden states;left-right models;probabilistic function;speech recognition;Distortion;Hidden Markov models;Mathematical model;Multiple signal classification;Signal processing;Speech recognition;Statistical analysis;Stochastic processes;Temperature measurement;Tutorial},
  Owner                    = {Rafael},
  Timestamp                = {2015.06.19}
}

@Book{Theodoridis2009,
  Title                    = {Pattern Recognition},
  Author                   = {Sergios Theodoridis and Konstantinos Koutroumbas},
  Editor                   = {Theodoridis, Sergios and Koutroumbas, Konstantinos},
  Publisher                = {Academic Press},
  Year                     = {2009},

  Address                  = {Boston},
  Edition                  = {Fourth Edition},

  Booktitle                = {Pattern Recognition (Fourth Edition)},
  Doi                      = {http://dx.doi.org/10.1016/B978-1-59749-272-0.50003-7},
  ISBN                     = {978-1-59749-272-0},
  Owner                    = {cinvestav},
  Pages                    = {1 - 12},
  Timestamp                = {2015.04.13},
  Url                      = {http://www.sciencedirect.com/science/article/pii/B9781597492720500037}
}

