@book{Engelbrecht2007,
author = {Engelbrecht, Andries P},
edition = {2nd},
isbn = {0470035617},
publisher = {Wiley Publishing},
title = {{Computational Intelligence: An Introduction}},
year = {2007}
},
@INPROCEEDINGS{934374,
author={Eberhart, R.C. and Yuhui Shi},
booktitle={Evolutionary Computation, 2001. Proceedings of the 2001 Congress on},
title={Particle swarm optimization: developments, applications and resources},
year={2001},
month={},
volume={1},
pages={81-86 vol. 1},
keywords={evolutionary computation;constriction factors;dynamic systems;evolutionary computation;inertia weights;particle swarm optimization;tracking;Acceleration;Application software;Bibliographies;Books;Computer science;Evolutionary computation;Particle swarm optimization;Particle tracking;Power system dynamics;Writing},
doi={10.1109/CEC.2001.934374},}