@InProceedings{ Schutz2005,
	author = "Alexander Schutz and Paul Buitelaar",
	booktitle = "International Semantic Web Conference",
	crossref = "DBLP:conf/semweb/2005",
	interhash = "462f766e22d039109a9c9a7978cee05f",
	intrahash = "32082fbeff64436073fbf34b9e404050",
	pages = "593--606",
	title = "RelExt: A Tool for Relation Extraction from Text in Ontology Extension",
	year = 2005,
	keywords = "2005 conference ontology\_learning relation\_extraction",
	ee = "http://dx.doi.org/10.1007/11574620\\\\\_43",
	added-at = "2007-09-09T11:16:39.000+0200",
	bibsource = "DBLP, http://dblp.uni-trier.de",
	description = "SchutzBuitelaar2005",
	biburl = "http://www.bibsonomy.org/bibtex/232082fbeff64436073fbf34b9e404050/siggi"
}

@InProceedings{ hearst1992automatic,
	title = "{Automatic acquisition of hyponyms from large text corpora}",
	author = "M.A. Hearst",
	booktitle = "Proceedings of the 14th conference on Computational linguistics-Volume 2",
	pages = "539--545",
	year = "1992",
	organization = "Association for Computational Linguistics"
}

@InProceedings{ caraballo1999automatic,
	title = "{Automatic construction of a hypernym-labeled noun hierarchy from text}",
	author = "S.A. Caraballo",
	booktitle = "Proceedings of the 37th annual meeting of the Association for Computational Linguistics on Computational Linguistics",
	pages = "120--126",
	year = "1999",
	organization = "Association for Computational Linguistics"
}

@InProceedings{ ryu2006taxonomy,
	title = "{Taxonomy learning using term specificity and similarity}",
	author = "P.M. Ryu and K.S. Choi",
	booktitle = "Proceedings of the 2nd Workshop on Ontology Learning and Population: Bridging the Gap between Text and Knowledge",
	pages = "41--8",
	year = "2006"
}

@Article{ gruber1993translation,
	author = "T.R. Gruber",
	title = "A Translation Approach to Portable Ontology Specifications",
	journal = "Knowledge acquisition",
	volume = "5",
	number = "2",
	pages = "199--220",
	year = "1993",
	issn = "1042-8143",
	publisher = "Academic Press Ltd."
}

@InProceedings{ burgun2001aspects,
	title = "Aspects of the taxonomic relation in the biomedical domain",
	author = "A. Burgun and O. Bodenreider",
	booktitle = "Proceedings of the international conference on Formal Ontology in Information Systems-Volume 2001",
	pages = "233",
	year = "2001",
	organization = "ACM"
}

@Article{ ortega2007using,
	title = "Using lexical patterns for extracting hyponyms from the web",
	author = "R. Ortega-Mendoza and L. Villase{\~n}or-Pineda and M. Montes-y-G{\'o}mez",
	journal = "MICAI 2007: Advances in Artificial Intelligence",
	pages = "904--911",
	year = "2007",
	publisher = "Springer"
}

@InProceedings{ sang2007extracting,
	title = "Extracting hypernym pairs from the web",
	author = "E.T.K. Sang",
	booktitle = "Proceedings of the 45th Annual Meeting of the ACL on Interactive Poster and Demonstration Sessions",
	pages = "165--168",
	year = "2007",
	organization = "Association for Computational Linguistics"
}

@Article{ snow2005learning,
	title = "Learning syntactic patterns for automatic hypernym discovery",
	author = "R. Snow and D. Jurafsky and A.Y. Ng",
	journal = "Advances in Neural Information Processing Systems",
	volume = "17",
	pages = "1297--1304",
	year = "2005",
	publisher = "Citeseer"
}

@InProceedings{ pantel2004towards,
	title = "Towards terascale knowledge acquisition",
	author = "P. Pantel and D. Ravichandran and E. Hovy",
	booktitle = "Proceedings of the 20th international conference on Computational Linguistics",
	pages = "771",
	year = "2004",
	organization = "Association for Computational Linguistics"
}

@Article{ cimiano2004learning,
	title = "{Learning by googling}",
	author = "P. Cimiano and S. Staab",
	journal = "ACM SIGKDD explorations newsletter",
	volume = "6",
	number = "2",
	pages = "24--33",
	year = "2004",
	publisher = "ACM"
}

@Book{ Cimiano:2006:OLP:1177318,
	author = "Philipp Cimiano",
	title = "Ontology Learning and Population from Text: Algorithms, Evaluation and Applications",
	year = "2006",
	isbn = "0387306323",
	publisher = "Springer-Verlag New York, Inc.",
	address = "Secaucus, NJ, USA"
}

@InProceedings{ cederberg2003using,
	title = "{Using LSA and noun coordination information to improve the precision and recall of automatic hyponymy extraction}",
	author = "S. Cederberg and D. Widdows",
	booktitle = "Proceedings of the seventh conference on Natural language learning at HLT-NAACL 2003-Volume 4",
	pages = "118",
	year = "2003",
	organization = "Association for Computational Linguistics"
}

@InProceedings{ ritter2009anyway,
	title = "{What is this, anyway: Automatic hypernym discovery}",
	author = "A. Ritter and S. Soderland and O. Etzioni",
	booktitle = "Proceedings of AAAI-09 Spring Symposium on Learning by Reading and Learning to Read",
	pages = "88--93",
	year = "2009"
}

@Article{ blohm2007learning,
	title = "{Learning Patterns from the Web-Evaluating the Evaluation Functions-Extended Abstract}",
	author = "S. Blohm and P. Cimiano",
	journal = "OTT{\^a}??06",
	volume = "1",
	pages = "101",
	year = "2007",
	publisher = "Citeseer"
}

@InProceedings{ mcnamee2008learning,
	title = "{Learning named entity hyponyms for question answering}",
	author = "P. McNamee and R. Snow and P. Schone and J. Mayfield",
	booktitle = "Proceedings of the Third International Joint Conference on Natural Language Processing",
	year = "2008"
}

@Article{ sanchez2009domain,
	title = "{Domain ontology learning from the web}",
	author = "D. S{\'a}nchez",
	journal = "The Knowledge Engineering Review",
	volume = "24",
	number = "04",
	pages = "413--413",
	year = "2009",
	publisher = "Cambridge Univ Press"
}

@PhDThesis{ pantel2003clustering,
	title = "{Clustering by committee}",
	author = "P.A. Pantel",
	year = "2003",
	school = "University of Alberta"
}

@PhDThesis{ Sanchez2007,
	title = "{Domain ontology learning from the web}",
	author = "David {S{\'a}nchez Ruenes}",
	year = "2007",
	school = "Universitat Politecnica de Catalunya"
}

@InProceedings{ lin2001dirt,
	title = "{DIRT-discovery of inference rules from text}",
	author = "D. Lin and P. Pantel",
	booktitle = "Proceedings of ACM SIGKDD Conference on Knowledge Discovery and Data Mining",
	pages = "323--328",
	year = "2001",
	organization = "Citeseer"
}

@Article{ Studer1998,
	author = "Rudi Studer and V. Richard Benjamins and Dieter Fensel",
	title = "{Knowledge engineering: principles and methods}",
	journal = "Data Knowl. Eng.",
	volume = "25",
	issue = "1-2",
	month = "March",
	year = "1998",
	issn = "0169-023X",
	pages = "161--197",
	numpages = "37",
	url = "http://portal.acm.org/citation.cfm?id=290547.290553"
}

@Article{ Neches1991,
	author = "Robert Neches and Richard Fikes and Tim Finin and Tom Gruber and Ramesh Patil and Ted Senator and William R. Swartout",
	title = "{Enabling technology for knowledge sharing}",
	journal = "AI Mag.",
	volume = "12",
	issue = "3",
	month = "September",
	year = "1991",
	issn = "0738-4602",
	pages = "36--56",
	numpages = "21",
	url = "http://portal.acm.org/citation.cfm?id=123768.123775",
	acmid = "123775",
	publisher = "American Association for Artificial Intelligence",
	address = "Menlo Park, CA, USA"
}

@Book{ Staab:2009:HO:1655829,
	author = "Steffen Staab and Rudi Studer",
	title = "{Handbook on Ontologies}",
	year = "2009",
	isbn = "3540709991, 9783540709992",
	edition = "2nd",
	publisher = "Springer Publishing Company, Incorporated"
}

@TechReport{ Noy2001b,
	author = "Natalya F. Noy and Deborah L. McGuinness",
	institution = "Stanford Knowledge Systems Laboratory and Stanford Medical Informatics",
	interhash = "2a496bb63d728d96264a50c0a4960e9a",
	intrahash = "766b8314d938a9f54fb72ac03529692a",
	title = "Ontology Development 101: A Guide to Creating Your First Ontology",
	url = "http://www.ksl.stanford.edu/KSL_Abstracts/KSL-01-05.html",
	year = "2001",
	keywords = "guide building ontology",
	added-at = "2010-10-18T18:22:08.000+0200",
	file = ":Noy,McGuinnes,OntologyDevelopment101.pdf:PDF"
}

@Article{ Maedche2001,
	author = "A. Maedche and S. Staab",
	journal = "Intelligent Systems, IEEE",
	title = "Ontology learning for the Semantic Web",
	year = "2001",
	month = "mar-apr",
	volume = "16",
	number = "2",
	pages = " 72--79",
	keywords = " Internet, Semantic Web, XML documents, machine understanding, metadata, ontology engineering environments, ontology learning, semiautomatic ontology construction tools, Internet, hypermedia markup languages, information resources, knowledge acquisition, learning (artificial intelligence), meta data",
	doi = "10.1109/5254.920602",
	ISSN = "1541-1672"
}

@Article{ JICMS1097,
	author = "Tatyana Ivanova",
	title = "AN APPROACH TO EXTEND E-LEARNING RESOURCE IDE BY ADDING ONTOLOGY LEARNING AND MANAGEMENT CAPABILITIES",
	journal = "Journal of Information, Control and Management Systems",
	volume = "8",
	number = "3",
	year = "2010",
	url = "http://kifri.fri.uniza.sk/ojs/index.php/JICMS/article/view/1097"
}

@Article{ Weng20061,
	title = "Ontology construction for information classification",
	journal = "Expert Systems with Applications",
	volume = "31",
	number = "1",
	pages = "1--12",
	year = "2006",
	note = "",
	issn = "0957-4174",
	doi = "DOI: 10.1016/j.eswa.2005.09.007",
	url = "http://www.sciencedirect.com/science/article/B6V03-4H7SYHH-2/2/8f8b3636ec5f2109f13e16d5cb564895",
	author = "Sung-Shun Weng and Hsine-Jen Tsai and Shang-Chia Liu and Cheng-Hsin Hsu",
	keywords = "Ontology",
	keywords1 = "Semantic Web",
	keywords2 = "Information classification",
	keywords3 = "Formal concept analysis"
}

@InCollection{ Volker2008,
	author = "Johanna Volker and Sebastian Rudolph",
	affiliation = "Universitat Karlsruhe Institut AIFB Germany",
	title = "Lexico-Logical Acquisition of OWL - DL Axioms",
	booktitle = "Formal Concept Analysis",
	series = "Lecture Notes in Computer Science",
	editor = "Raoul Medina and Sergei Obiedkov",
	publisher = "Springer Berlin / Heidelberg",
	isbn = "",
	pages = "62--77",
	volume = "4933",
	url = "http://dx.doi.org/10.1007/978-3-540-78137-0_5",
	note = "10.1007/978-3-540-78137-0\_5",
	year = "2008"
}

@InCollection{ Volker2007,
	author = "Johanna Volker and Pascal Hitzler and Philipp Cimiano",
	affiliation = "Institute AIFB, University of Karlsruhe Germany",
	title = "Acquisition of OWL DL Axioms from Lexical Resources",
	booktitle = "The Semantic Web: Research and Applications",
	series = "Lecture Notes in Computer Science",
	editor = "Enrico Franconi and Michael Kifer and Wolfgang May",
	publisher = "Springer Berlin / Heidelberg",
	isbn = "",
	pages = "670--685",
	volume = "4519",
	url = "http://dx.doi.org/10.1007/978-3-540-72667-8_47",
	note = "10.1007/978-3-540-72667-8\_47",
	year = "2007"
}

@InProceedings{ gulla2008interactive,
	title = "{An interactive ontology learning workbench for non-experts}",
	author = "J.A. Gulla and V. Sugumaran",
	booktitle = "Proceeding of the 2nd international workshop on Ontologies and nformation systems for the semantic web",
	pages = "9--16",
	year = "2008",
	organization = "ACM"
}

@Article{ buitelaar2005ontology,
	title = "{Ontology learning from text: An overview}",
	author = "P. Buitelaar and P. Cimiano and B. Magnini",
	journal = "Ontology learning from text: Methods, evaluation and applications",
	volume = "123",
	pages = "3--12",
	year = "2005"
}

@Article{ gomez1991ontological,
	title = "{Ontological engineering}",
	author = "A. Gomez-Perez and M. Fern{\'a}ndez-L{\'o}pez and O. Corcho",
	journal = "AI Magazine",
	volume = "36",
	pages = "56",
	year = "1991",
	publisher = "Citeseer"
}

@Article{ wang2009probabilistic,
	title = "{Probabilistic topic models for learning terminological ontologies}",
	author = "W. Wang and P.M. Barnaghi and A. Bargiela",
	journal = "IEEE Transactions on Knowledge and Data Engineering",
	issn = "1041-4347",
	year = "2009",
	publisher = "Published by the IEEE Computer Society"
}

@Article{ Turney2010,
	author = "Peter D. Turney and Patrick Pantel",
	title = "From frequency to meaning: vector space models of semantics",
	journal = "J. Artif. Int. Res.",
	volume = "37",
	issue = "1",
	month = "January",
	year = "2010",
	issn = "1076-9757",
	pages = "141--188",
	numpages = "48",
	url = "http://portal.acm.org/citation.cfm?id=1861751.1861756",
	acmid = "1861756",
	publisher = "AI Access Foundation",
	address = "USA"
}

@Article{ cicurel2007clustering,
	title = "{Clustering of polysemic words}",
	author = "L. Cicurel and S. Bloehdorn and P. Cimiano",
	journal = "Advances in Data Analysis",
	pages = "595--602",
	year = "2007",
	publisher = "Springer"
}

@InProceedings{ pantel2002discovering,
	title = "{Discovering word senses from text}",
	author = "P. Pantel and D. Lin",
	booktitle = "Proceedings of the eighth ACM SIGKDD international conference on Knowledge discovery and data mining",
	pages = "613--619",
	isbn = "158113567X",
	year = "2002",
	organization = "ACM"
}

@Article{ cimiano2004learning-1,
	title = "{Learning by googling}",
	author = "P. Cimiano and S. Staab",
	journal = "ACM SIGKDD explorations newsletter",
	volume = "6",
	number = "2",
	pages = "24--33",
	issn = "1931-0145",
	year = "2004",
	publisher = "ACM"
}

@InProceedings{ makrehchi2007automatic,
	title = "{Automatic taxonomy extraction using google and term dependency}",
	author = "M. Makrehchi and M.S. Kamel",
	booktitle = "Proceedings of the IEEE/WIC/ACM International Conference on Web Intelligence",
	pages = "321--325",
	isbn = "0769530265",
	year = "2007",
	organization = "IEEE Computer Society"
}

@InProceedings{ yang2008metric,
	title = "{Metric-based ontology learning}",
	author = "H. Yang and J. Callan",
	booktitle = "Proceeding of the 2nd international workshop on Ontologies and nformation systems for the semantic web",
	pages = "1--8",
	year = "2008",
	organization = "ACM"
}

@Article{ DBLP:journals/dke/SanchezM08,
	author = "David S{\'a}nchez and Antonio Moreno",
	title = "Learning non-taxonomic relationships from web documents for domain ontology construction",
	journal = "Data Knowl. Eng.",
	volume = "64",
	number = "3",
	year = "2008",
	pages = "600--623",
	ee = "http://dx.doi.org/10.1016/j.datak.2007.10.001",
	bibsource = "DBLP, http://dblp.uni-trier.de"
}

@InProceedings{ cimiano2004clustering,
	title = "{Clustering concept hierarchies from text}",
	author = "P. Cimiano and A. Hotho and S. Staab",
	booktitle = "Proceedings of LREC",
	year = "2004",
	organization = "Citeseer"
}

@InProceedings{ sung2008efficient,
	title = "{Efficient concept clustering for ontology learning using an event life cycle on the web}",
	author = "S. Sung and S. Chung and D. McLeod",
	booktitle = "Proceedings of the 2008 ACM symposium on Applied computing",
	pages = "2310--2314",
	year = "2008",
	organization = "ACM"
}

@Article{ yeh2008ontology,
	title = "{Ontology construction based on latent topic extraction in a digital library}",
	author = "J. Yeh and N. Yang",
	journal = "Digital Libraries: Universal and Ubiquitous Access to Information",
	pages = "93--103",
	year = "2008",
	publisher = "Springer"
}

@InProceedings{ karoui2006context,
	title = "{Context-based hierarchical clustering for the ontology learning}",
	author = "L. Karoui and M.A. Aufaure and N. Bennacer",
	booktitle = "Proceedings of the 2006 IEEE/WIC/ACM International Conference on Web Intelligence",
	pages = "420--427",
	isbn = "0769527477",
	year = "2006",
	organization = "IEEE Computer Society"
}

@InProceedings{ beil2002frequent,
	title = "{Frequent term-based text clustering}",
	author = "F. Beil and M. Ester and X. Xu",
	booktitle = "Proceedings of the eighth ACM SIGKDD international conference on Knowledge discovery and data mining",
	pages = "436--442",
	isbn = "158113567X",
	year = "2002",
	organization = "ACM"
}

@Article{ cimiano2006,
	author = "Philipp Cimiano and Johanna Volker and Rudi Studer",
	interhash = "0007185516cf6c93931a11bc13c55f3f",
	intrahash = "bd70c98a41d8cc01464dd022dfd118b6",
	journal = "Information, Wissenschaft und Praxis",
	number = "6-7",
	pages = "315--320",
	title = "Ontologies on Demand? -A Description of the State-of-the-Art, Applications, Challenges and Trends for Ontology Learning from Text Information",
	url = "http://www.aifb.uni-karlsruhe.de/Publikationen/showPublikation?publ_id=1282",
	volume = 57,
	year = 2006,
	keywords = "learning ol ontology survey",
	added-at = "2010-02-07T19:50:36.000+0100",
	description = "Ontologies on Demand? - A Description of the State-of-the-Art, Applications, Challenges and Trends for Ontology Learning from Text",
	biburl = "http://www.bibsonomy.org/bibtex/2bd70c98a41d8cc01464dd022dfd118b6/hotho",
	date = "October 2006"
}

@TechReport{ gomezPerezManzano2003:ontologies,
	author = "Asunci{\'o}n G{\'o}mez-P{\'e}rez and David Manzano-Macho",
	citeulike-article-id = "2504966",
	day = "30",
	keywords = "ontologies",
	month = "May",
	organization = "IST Programme of the Commission of the European Communities",
	posted-at = "2008-08-20 18:57:40",
	priority = "2",
	series = "Next Web Generation",
	title = "{Deliverable 1.5: A survey of ontology learning methods and techniques}",
	year = "2003"
}

@Article{ mohammad2005distributional,
	title = "{Distributional measures as proxies for semantic relatedness}",
	author = "S. Mohammad and G. Hirst",
	journal = "Submitted for publication",
	year = "2005",
	publisher = "Citeseer"
}

@InProceedings{ hindle1990noun,
	title = "{Noun classification from predicate-argument structures}",
	author = "D. Hindle",
	booktitle = "Proceedings of the 28th annual meeting on Association for Computational Linguistics",
	pages = "268--275",
	year = "1990",
	organization = "Association for Computational Linguistics"
}

@Article{ rodriguez2005metalinguistic,
	title = "{Metalinguistic information extraction for terminology}",
	author = "C. Rodriguez",
	journal = "Arxiv preprint cs/0504074",
	year = "2005"
}

@InProceedings{ Volker:2007LEDA,
	author = {Johanna V{\"o}lker and Denny Vrande\v{c}i{\'c} and York Sure and Andreas Hotho},
	title = "Learning Disjointness",
	booktitle = "Proceedings of the 4th European conference on The Semantic Web: Research and Applications",
	series = "ESWC '07",
	year = "2007",
	isbn = "978-3-540-72666-1",
	location = "Innsbruck, Austria",
	pages = "175--189",
	numpages = "15",
	url = "http://dx.doi.org/10.1007/978-3-540-72667-8_14",
	doi = "http://dx.doi.org/10.1007/978-3-540-72667-8\\\\\_14",
	acmid = "1419680",
	publisher = "Springer-Verlag",
	address = "Berlin, Heidelberg"
}

@InProceedings{ DelVastoTerrientes2010,
	author = "Luis {Del Vasto Terrientes} and Antonio Moreno and David S{\'a}nchez",
	title = "Discovery of relation axioms from the web",
	booktitle = "Proceedings of the 4th international conference on Knowledge science, engineering and management",
	series = "KSEM'10",
	year = "2010",
	isbn = "3-642-15279-1, 978-3-642-15279-5",
	location = "Belfast, Northern Ireland, UK",
	pages = "222--233",
	numpages = "12",
	url = "http://portal.acm.org/citation.cfm?id=1885721.1885743",
	acmid = "1885743",
	publisher = "Springer-Verlag",
	address = "Berlin, Heidelberg",
	keywords = "axioms, knowledge discovery, ontologies, semantic web"
}

@Article{ suchanek2008yago,
	title = "Yago: A large ontology from wikipedia and wordnet",
	author = "F.M. Suchanek and G. Kasneci and G. Weikum",
	journal = "Web Semantics: Science, Services and Agents on the World Wide Web",
	volume = "6",
	number = "3",
	pages = "203--217",
	year = "2008",
	publisher = "Elsevier"
}

@Article{ Shamsfard:2004:LON:969845.969847,
	author = "Mehrnoush Shamsfard and Ahmad Abdollahzadeh Barforoush",
	title = "Learning ontologies from natural language texts",
	journal = "Int. J. Hum.-Comput. Stud.",
	volume = "60",
	issue = "1",
	month = "January",
	year = "2004",
	issn = "1071-5819",
	pages = "17--63",
	numpages = "47",
	url = "http://dl.acm.org/citation.cfm?id=969845.969847",
	doi = "10.1016/j.ijhcs.2003.08.001",
	acmid = "969847",
	publisher = "Academic Press, Inc.",
	address = "Duluth, MN, USA"
}

@InCollection{ Horrocks2011a,
	author = "Ian Horrocks",
	title = "Tool Support for Ontology Engineering",
	booktitle = "Foundations for the Web of Information and Services",
	editor = "Dieter Fensel",
	pages = "103--112",
	publisher = "Springer",
	year = "2011"
}

@Article{ Maedche2001,
	author = "A. Maedche and S. Staab",
	journal = "Intelligent Systems, IEEE",
	title = "Ontology learning for the Semantic Web",
	year = "2001",
	month = "mar-apr",
	volume = "16",
	number = "2",
	pages = "72--79",
	ISSN = "1541-1672"
}

@Article{ sanchez2009domain,
	title = "Domain ontology learning from the web",
	author = "D. S{\'a}nchez",
	journal = "The Knowledge Engineering Review",
	volume = "24",
	number = "04",
	pages = "413--413",
	year = "2009",
	publisher = "Cambridge Univ Press"
}

@PhDThesis{ pantel2003clustering,
	title = "Clustering by committee",
	author = "P.A. Pantel",
	year = "2003",
	school = "University of Alberta"
}

@Article{ gruber1993translation,
	author = "T.R. Gruber",
	title = "A Translation Approach to Portable Ontology Specifications",
	journal = "Knowledge acquisition",
	volume = "5",
	number = "2",
	pages = "199--220",
	year = "1993",
	issn = "1042-8143",
	publisher = "Academic Press Ltd."
}

@InProceedings{ cederberg2003using,
	author = "S. Cederberg and D. Widdows",
	title = "Using LSA and noun coordination information to improve the precision and recall of automatic hyponymy extraction",
	booktitle = "Proceedings of the Seventh Conference on Natural Language Learning at HLT-NAACL 2003 - Volume 4",
	pages = "111--118",
	year = "2003",
	organization = "Association for Computational Linguistics",
	address = "Stroudsburg, PA, USA"
}

@Article{ cimiano2004learning,
	author = "P. Cimiano and S. Staab",
	title = "Learning by googling",
	journal = "SIGKDD Explor. Newsl.",
	volume = "6",
	number = "2",
	pages = "24--33",
	year = "2004",
	month = "december",
	publisher = "ACM",
	address = "New York, NY, USA"
}

@InProceedings{ ortega2007using,
	author = "R. Ortega-Mendoza and L. Villase{\~n}or-Pineda and M. Montes-y-G{\'o}mez",
	title = "Using lexical patterns for extracting hyponyms from the web",
	booktitle = "MICAI 2007: Advances in Artificial Intelligence, Aguascalientes, Mexico ",
	pages = "904--911",
	year = "2007",
	publisher = "Springer"
}

@InProceedings{ sang2007extracting,
	author = "E.T.K. Sang",
	title = "Extracting hypernym pairs from the web",
	booktitle = "Proceedings of the 45th Annual Meeting of the ACL on Interactive Poster and Demonstration Sessions, Prague, Czech Republic",
	pages = "165--168",
	year = "2007",
	organization = "Association for Computational Linguistics"
}

@Article{ snow2005learning,
	author = "R. Snow and D. Jurafsky and A.Y. Ng",
	title = "Learning syntactic patterns for automatic hypernym discovery",
	journal = "Advances in Neural Information Processing Systems",
	volume = "17",
	pages = "1297--1304",
	year = "2005"
}

@InProceedings{ hearst1992automatic,
	title = "Automatic acquisition of hyponyms from large text corpora",
	booktitle = "Proceedings of the 14th Conference on Computational Linguistics-Volume 2, Nantes, France",
	author = "M.A. Hearst",
	organization = "Association for Computational Linguistics",
	pages = "539--545",
	year = "1992"
}

@InProceedings{ caraballo1999automatic,
	author = "S.A. Caraballo",
	title = "Automatic construction of a hypernym-labeled noun hierarchy from text",
	booktitle = "Proceedings of the 37th Annual Meeting of the Association for Computational Linguistics on Computational Linguistics",
	pages = "120--126",
	year = "1999",
	organization = "Association for Computational Linguistics"
}

@InProceedings{ pantel2002discovering,
	author = "P. Pantel and D. Lin",
	title = "Discovering word senses from text",
	booktitle = "Proceedings of the eighth ACM SIGKDD International Conference on Knowledge Discovery and Data Mining",
	pages = "613--619",
	isbn = "158113567X",
	year = "2002",
	publisher = "ACM",
	address = "New York, NY, USA"
}

@InProceedings{ ritter2009anyway,
	author = "A. Ritter and S. Soderland and O. Etzioni",
	title = "What is this, anyway: Automatic hypernym discovery",
	booktitle = "Proceedings of AAAI-09 Spring Symposium on Learning by Reading and Learning to Read",
	pages = "88--93",
	year = "2009"
}

@Article{ turney2008latent,
	author = "Peter D. Turney",
	title = "The latent relation mapping engine: algorithm and experiments",
	journal = "J. Artif. Intell. Res.",
	issue_date = "September 2008",
	volume = "33",
	number = "1",
	month = dec,
	year = "2008",
	issn = "1076-9757",
	pages = "615--655",
	numpages = "41",
	publisher = "AI Access Foundation",
	address = "USA"
}

@Article{ Turney2010,
	author = "Peter D. Turney and Patrick Pantel",
	title = "From frequency to meaning: vector space models of semantics",
	journal = "J. Artif. Int. Res.",
	volume = "37",
	issue = "1",
	month = "January",
	year = "2010",
	issn = "1076-9757",
	pages = "141--188",
	numpages = "48",
	publisher = "AI Access Foundation",
	address = "USA"
}

@InCollection{ Harris1970,
	title = "Distributional structure",
	author = "Zelig Harris",
	booktitle = "Papers in Structural and Transformational Linguistics",
	pages = "775--794",
	year = "1970",
	publisher = "D. Reidel Publishing Company",
	address = "Dordrecht, Holland"
}

@Article{ Church1990,
	author = "Kenneth Ward Church and Patrick Hanks",
	title = "Word association norms, mutual information, and lexicography",
	journal = "Comput. Linguist.",
	issue_date = "March 1990",
	volume = "16",
	number = "1",
	month = mar,
	year = "1990",
	issn = "0891-2017",
	pages = "22--29",
	publisher = "MIT Press",
	address = "Cambridge, MA, USA"
}

@Article{ Turney2003,
	author = "Peter D. Turney and Michael L. Littman",
	title = "Measuring praise and criticism: Inference of semantic orientation from association",
	journal = "ACM Trans. Inf. Syst.",
	volume = "21",
	number = "4",
	month = oct,
	year = "2003",
	issn = "1046-8188",
	pages = "315--346",
	publisher = "ACM",
	address = "New York, NY, USA"
}

@InProceedings{ Mohammad2006,
	author = "Saif Mohammad and Graeme Hirst",
	title = "Distributional measures of concept-distance: a task-oriented evaluation",
	booktitle = "Proceedings of the 2006 Conference on Empirical Methods in Natural Language Processing",
	series = "EMNLP '06",
	year = "2006",
	isbn = "1-932432-73-6",
	pages = "35--43",
	publisher = "Association for Computational Linguistics",
	address = "Stroudsburg, PA, USA"
}

@InProceedings{ Hindle1990,
	author = "Donald Hindle",
	title = "Noun classification from predicate-argument structures",
	booktitle = "Proceedings of the 28th annual meeting on Association for Computational Linguistics",
	series = "ACL '90",
	year = "1990",
	location = "Pittsburgh, Pennsylvania",
	pages = "268--275",
	numpages = "8",
	publisher = "Association for Computational Linguistics",
	address = "Stroudsburg, PA, USA"
}

@InProceedings{ Lee2005,
	author = "Ming-Che Lee and Ding Yen Ye and Tzone-I Wang",
	title = "Java learning object ontology",
	booktitle = "Proceedings of the fifth IEEE International Conference on Advanced Learning Technologies, ICALT 2005, Kaohsiung, Taiwan",
	pages = "538--542",
	year = "2005"
}

@InProceedings{ Dellschaft2006,
	author = "Klaas Dellschaft and Steffen Staab",
	title = "On how to perform a gold standard based evaluation of ontology learning",
	booktitle = "Proceedings of the 5th International Conference on The Semantic Web",
	series = "ISWC'06",
	year = "2006",
	isbn = "3-540-49029-9, 978-3-540-49029-6",
	location = "Athens, GA",
	pages = "228--241",
	publisher = "Springer-Verlag",
	address = "Berlin, Heidelberg"
}

@InProceedings{ brank06goldeval,
	author = "Janez Brank and Dunja Madenic and Marko Groblenik",
	title = "Gold Standard Based Ontology Evaluation Using Instance Assignment",
	booktitle = "Proceedings of the 4th Workshop on Evaluating Ontologies for the Web (EON2006)",
	month = "May",
	year = "2006",
	address = "Edinburgh, Scotland"
}

@Article{ Zavitsanos2011,
	author = "Elias Zavitsanos and George Paliouras and George A. Vouros",
	title = "Gold Standard Evaluation of Ontology Learning Methods through Ontology Transformation and Alignment",
	journal = "IEEE Trans. on Knowl. and Data Eng.",
	issue_date = "November 2011",
	volume = "23",
	number = "11",
	month = nov,
	year = "2011",
	issn = "1041-4347",
	pages = "1635--1648",
	publisher = "IEEE Educational Activities Department",
	address = "Piscataway, NJ, USA"
}

@Article{ Jiang:2010,
	author = "Xing Jiang and Ah-Hwee Tan",
	title = "CRCTOL: A semantic-based domain ontology learning system",
	journal = "J. Am. Soc. Inf. Sci. Technol.",
	volume = "61",
	number = "1",
	month = jan,
	year = "2010",
	issn = "1532-2882",
	pages = "150--168",
	publisher = "John Wiley \& Sons, Inc.",
	address = "New York, NY, USA"
}

@Article{ Buitelaaretal2005,
	title = "{Ontology learning from text: An overview}",
	author = "P. Buitelaar and P. Cimiano and B. Magnini",
	journal = "Ontology learning from text: Methods, evaluation and applications",
	pages = "3--12",
	volume = "123",
	year = "2005"
}

@InProceedings{ Schutz2005,
	author = "Alexander Schutz and Paul Buitelaar",
	title = "RelExt: A Tool for Relation Extraction from Text in Ontology Extension",
	booktitle = "International Semantic Web Conference ISWC'05, Galway, Ireland",
	pages = "593--606",
	year = 2005
}

@InProceedings{ DelVastoTerrientes2010,
	title = "Discovery of relation axioms from the web",
	booktitle = "Proceedings of the 4th International Conference on Knowledge Science, Engineering and Management",
	series = "KSEM'10",
	author = "Luis {Del Vasto Terrientes} and Antonio Moreno and David S{\'a}nchez",
	publisher = "Springer-Verlag",
	location = "Belfast, Northern Ireland, UK",
	address = "Berlin, Heidelberg",
	pages = "222--233",
	year = "2010",
	isbn = "3-642-15279-1, 978-3-642-15279-5",
	numpages = "12"
}

@InCollection{ Volkeretal2007_learningdisjointness,
	author = {Johanna V{\"o}lker and Denny Vrande\v{c}i{\'c} and York Sure and Andreas Hotho},
	title = "Learning Disjointness",
	booktitle = "The Semantic Web: Research and Applications",
	isbn = "978-3-540-72666-1",
	pages = "175--189",
	year = "2007",
	volume = "4519",
	series = "Lecture Notes in Computer Science",
	editor = "Enrico Franconi and Michael Kifer and Wolfgang May",
	doi = "10.1007/978-3-540-72667-8\_14",
	publisher = "Springer Berlin Heidelberg"
}

@InCollection{ Volkeretal2007_acquisitionowl,
	author = "Johanna Volker and Pascal Hitzler and Philipp Cimiano",
	title = "Acquisition of OWL DL Axioms from Lexical Resources",
	booktitle = "The Semantic Web: Research and Applications",
	series = "Lecture Notes in Computer Science",
	editor = "Enrico Franconi and Michael Kifer and Wolfgang May",
	publisher = "Springer Berlin / Heidelberg",
	pages = "670--685",
	volume = "4519",
	year = "2007"
}

@InCollection{ Volker2008,
	author = "Johanna Volker and Sebastian Rudolph",
	title = "Lexico-Logical Acquisition of OWL - DL Axioms",
	booktitle = "Formal Concept Analysis",
	series = "Lecture Notes in Computer Science",
	editor = "Raoul Medina and Sergei Obiedkov",
	publisher = "Springer Berlin / Heidelberg",
	isbn = "",
	pages = "62--77",
	volume = "4933",
	year = "2008"
}

@Article{ Mangold:2007,
	author = "Christoph Mangold",
	title = "A survey and classification of semantic search approaches",
	journal = "Int. J. Metadata Semant. Ontologies",
	volume = "2",
	number = "1",
	month = sep,
	year = "2007",
	issn = "1744-2621",
	pages = "23--34",
	publisher = "Inderscience Publishers",
	address = "Inderscience Publishers, Geneva, SWITZERLAND"
}

@Article{ Lin_Pantel2001DIR,
	author = "Dekang Lin and Patrick Pantel",
	title = "Discovery of inference rules for question-answering",
	journal = "Nat. Lang. Eng.",
	issue_date = "December 2001",
	volume = "7",
	number = "4",
	month = dec,
	year = "2001",
	issn = "1351-3249",
	pages = "343--360",
	numpages = "18",
	url = "http://dx.doi.org/10.1017/S1351324901002765",
	doi = "10.1017/S1351324901002765",
	acmid = "973894",
	publisher = "Cambridge University Press",
	address = "New York, NY, USA"
}

@InProceedings{ LisiS2011,
	title = "An Inductive Logic Programming Approach to Learning Inclusion Axioms in Fuzzy Description Logics",
	booktitle = "Proceedings of the 26th Italian Conference on Computational Logic CILC",
	author = "Francesca A. Lisi and Umberto Straccia",
	pages = "57--71",
	addreess = "Pescara, Italy",
	year = "2011"
}

@Article{ Suchanek:2008,
	author = "Fabian M. Suchanek and Gjergji Kasneci and Gerhard Weikum",
	title = "YAGO: A Large Ontology from Wikipedia and WordNet",
	journal = "Web Semant.",
	issue_date = "September, 2008",
	volume = "6",
	number = "3",
	month = sep,
	year = "2008",
	issn = "1570-8268",
	pages = "203--217",
	publisher = "Elsevier Science Publishers B. V.",
	address = "Amsterdam, The Netherlands, The Netherlands"
}

@InProceedings{ Giuliano:2008,
	author = "Claudio Giuliano and Alfio Gliozzo",
	title = "Instance-based ontology population exploiting named-entity substitution",
	booktitle = "Proceedings of the 22nd International Conference on Computational Linguistics - Volume 1",
	series = "COLING '08",
	year = "2008",
	isbn = "978-1-905593-44-6",
	location = "Manchester, United Kingdom",
	pages = "265--272",
	publisher = "Association for Computational Linguistics",
	address = "Stroudsburg, PA, USA"
}

@InProceedings{ Ruiz-Martinez:2008,
	author = "Juana M. Ruiz-Mart{\'i}nez and Jos{\'e} A. Mi{\~n}arro-Gim{\'e}nez and Laura Guill{\'e}n-C{\'a}rceles and Dagoberto Castellanos-Nieves and Rafael Valencia-Garc{\'i}a and Francisco Garc{\'i}a-S{\'a}nchez and Jesualdo T. Fern{\'a}ndez-Breis and Rodrigo Mart{\'i}nez-B{\'e}jar",
	title = "Populating Ontologies in the eTourism Domain",
	booktitle = "Proceedings of the 2008 IEEE/WIC/ACM International Conference on Web Intelligence and Intelligent Agent Technology - Volume 03",
	series = "WI-IAT '08",
	year = "2008",
	isbn = "978-0-7695-3496-1",
	pages = "316--319",
	publisher = "IEEE Computer Society",
	address = "Washington, DC, USA"
}

@InProceedings{ Zavitsanos:2007,
	author = "Elias Zavitsanos and Georgios Paliouras and George A. Vouros and Sergios Petridis",
	title = "Discovering Subsumption Hierarchies of Ontology Concepts from Text Corpora",
	booktitle = "Proceedings of the IEEE/WIC/ACM International Conference on Web Intelligence",
	series = "WI '07",
	year = "2007",
	isbn = "0-7695-3026-5",
	pages = "402--408",
	publisher = "IEEE Computer Society",
	address = "Washington, DC, USA"
}

@Article{ CimianoHothoSteffen:2005,
	author = "Philipp Cimiano and Andreas Hotho and Steffen Staab",
	title = "Learning concept hierarchies from text corpora using formal concept analysis",
	journal = "J. Artif. Int. Res.",
	volume = "24",
	number = "1",
	month = aug,
	year = "2005",
	issn = "1076-9757",
	pages = "305--339",
	address = "USA"
}

@InProceedings{ Cimianoetal:2004,
	author = "Philipp Cimiano and Siegfried Handschuh and Steffen Staab",
	title = "Towards the self-annotating web",
	booktitle = "Proceedings of the 13th international conference on World Wide Web",
	series = "WWW '04",
	year = "2004",
	isbn = "1-58113-844-X",
	location = "New York, NY, USA",
	pages = "462--471",
	numpages = "10",
	url = "http://doi.acm.org/10.1145/988672.988735",
	doi = "10.1145/988672.988735",
	acmid = "988735",
	publisher = "ACM",
	address = "New York, NY, USA",
	keywords = "information extraction, metadata, semantic annotation, semantic web"
}

@InProceedings{ CimianoVolker2005,
	author = {Philipp Cimiano and Johanna V{\"o}lker},
	title = "Towards large-scale, open-domain and ontology-based named entity classification",
	booktitle = "Proceedings of the International Conference on Recent Advances in Natural Language Processing (RANLP'05)",
	editor = "G. Angelova and K. Bontcheva and R. Mitkov and N. Nicolov",
	year = "2005",
	pages = "166--172",
	publisher = "INCOMA Ltd"
}

@Article{ Ferrara:2006,
	title = "A Semantic Web ontology for context-based classification and retrieval of music resources",
	author = "Alfio Ferrara and Luca A. Ludovico and Stefano Montanelli and Silvana Castano and Goffredo Haus",
	publisher = "ACM",
	address = "New York, NY, USA",
	journal = "ACM Trans. Multimedia Comput. Commun. Appl.",
	pages = "177--198",
	volume = "2",
	number = "3",
	month = aug,
	year = "2006",
	issn = "1551-6857"
}

