% This file was created with JabRef 2.10.
% Encoding: Cp1252


@Book{Gan2007,
  Title                    = {Data clustering: theory, algorithms, and applications},
  Author                   = {Gan, Guojun and Ma, Chaoqun and Wu, Jianhong},
  Publisher                = {Siam},
  Year                     = {2007},
  Volume                   = {20}
}

@Misc{GomezFlores2015,
  Title                    = {{Diapositivas de clase Clasificación Bayesiana III: Mezcla de Gaussianas}},

  Author                   = {Gomez Flores, Wilfrido},
  Year                     = {2015},

  Owner                    = {Rafael},
  Timestamp                = {2015.04.07}
}

@Electronic{McCormick2014,
  Title                    = {Gaussian Mixture Models Tutorial and MATLAB Code},
  Author                   = {Chris McCormick},
  Month                    = {August},
  Url                      = {https://chrisjmccormick.wordpress.com/2014/08/04/gaussian-mixture-models-tutorial-and-matlab-code/},
  Year                     = {2014},

  Owner                    = {cinvestav},
  Timestamp                = {2015.05.28}
}

@TechReport{Reynolds2007,
  Title                    = {Gaussian Mixture Models},
  Author                   = {Douglas Reynolds},
  Institution              = {MIT Lincoln Laboratory},
  Year                     = {2007},

  Owner                    = {cinvestav},
  Timestamp                = {2015.05.28}
}

@Book{Theodoridis2009,
  Title                    = {Pattern Recognition},
  Author                   = {Sergios Theodoridis and Konstantinos Koutroumbas},
  Editor                   = {Theodoridis, Sergios and Koutroumbas, Konstantinos},
  Publisher                = {Academic Press},
  Year                     = {2009},

  Address                  = {Boston},
  Edition                  = {Fourth Edition},

  Booktitle                = {Pattern Recognition (Fourth Edition)},
  Doi                      = {http://dx.doi.org/10.1016/B978-1-59749-272-0.50003-7},
  ISBN                     = {978-1-59749-272-0},
  Owner                    = {cinvestav},
  Pages                    = {1 - 12},
  Timestamp                = {2015.04.13},
  Url                      = {http://www.sciencedirect.com/science/article/pii/B9781597492720500037}
}

