% This file was created with JabRef 2.10.
% Encoding: Cp1252


@TechReport{Perpin1997,
  Title                    = {A Review of Dimension Reduction Techniques},
  Author                   = {Miguel Carreira Perpinan},
  Institution              = {University of Sheffield},
  Year                     = {1997},

  Owner                    = {Rafael},
  Timestamp                = {2015.07.02}
}

@Article{Shlens2014,
  Title                    = {A Tutorial on Principal Component Analysis},
  Author                   = {Jonathon Shlens},
  Journal                  = {CoRR},
  Year                     = {2014},
  Volume                   = {abs/1404.1100},

  Bibsource                = {dblp computer science bibliography, http://dblp.org},
  Biburl                   = {http://dblp.uni-trier.de/rec/bib/journals/corr/Shlens14},
  Owner                    = {Rafael},
  Url                      = {http://arxiv.org/abs/1404.1100}
}

@TechReport{Smith2002,
  Title                    = {A tutorial on principal components analysis},
  Author                   = {Smith, Lindsay I},
  Institution              = {Cornell University, USA},
  Year                     = {2002},
  Month                    = {February 26},

  Added-at                 = {2013-07-05T11:30:38.000+0200},
  Biburl                   = {http://www.bibsonomy.org/bibtex/267dbf74cdf7deb0d90e870a28fa9954b/hkorte},
  Interhash                = {1e59c08d3905548f6775793af58c100a},
  Intrahash                = {67dbf74cdf7deb0d90e870a28fa9954b},
  Keywords                 = {PCA tutorial},
  Url                      = {http://www.cs.otago.ac.nz/cosc453/student_tutorials/principal_components.pdf}
}

